@article{satman2014rcaller,
  title={RCaller: A software library for calling R from Java},
  author={Satman, M Hakan},
  journal={British Journal of Mathematics \& Computer Science},
  volume={4},
  number={15},
  pages={2188},
  year={2014},
  publisher={SCIENCEDOMAIN International}
}


@Manual{R,
    title = {R: A Language and Environment for Statistical Computing},
    author = {{R Core Team}},
    organization = {R Foundation for Statistical Computing},
    address = {Vienna, Austria},
    year = {2016},
    url = {https://www.R-projectt.org/},
}


@article{SLang,
  title={The new S language},
  author={Becker, Richard A and Chambers, John M and Wilks, Allan R},
  journal={Pacific Grove, Ca.: Wadsworth \& Brooks, 1988},
  volume={1},
  year={1988}
}


@article{eddelbuettel2011rcpp,
  title={Rcpp: Seamless R and C++ integration},
  author={Eddelbuettel, Dirk and Fran{\c{c}}ois, Romain and Allaire, J and Chambers, John and Bates, Douglas and Ushey, Kevin},
  journal={Journal of Statistical Software},
  volume={40},
  number={8},
  pages={1--18},
  year={2011}
}

@book{eddelbuettel2013seamless,
  title={Seamless R and C++ integration with Rcpp},
  author={Eddelbuettel, Dirk},
  year={2013},
  publisher={Springer}
}

@article{hall2009weka,
  title={The WEKA data mining software: an update},
  author={Hall, Mark and Frank, Eibe and Holmes, Geoffrey and Pfahringer, Bernhard and Reutemann, Peter and Witten, Ian H},
  journal={ACM SIGKDD explorations newsletter},
  volume={11},
  number={1},
  pages={10--18},
  year={2009},
  publisher={ACM}
}

  @Article{RWeka1,
    title = {Open-Source Machine Learning: {R} Meets {Weka}},
    author = {Kurt Hornik and Christian Buchta and Achim Zeileis},
    journal = {Computational Statistics},
    year = {2009},
    volume = {24},
    number = {2},
    pages = {225--232},
    doi = {10.1007/s00180-008-0119-7},
  }

  @Book{RWeka2,
    title = {Data Mining: Practical Machine Learning Tools and
      Techniques},
    author = {Ian H. Witten and Eibe Frank},
    year = {2005},
    edition = {2nd},
    publisher = {Morgan Kaufmann},
    address = {San Francisco},
  }
  
  @article{urbanek2009talk,
  title={How to talk to strangers: ways to leverage connectivity between R, Java and Objective C},
  author={Urbanek, Simon},
  journal={Computational statistics},
  volume={24},
  number={2},
  pages={303--311},
  year={2009},
  publisher={Springer}
}

@Manual{rJava,
    title = {rJava: Low-Level R to Java Interface},
    author = {Simon Urbanek},
    year = {2016},
    note = {R package version 0.9-8},
    url = {https://CRAN.R-projectt.org/package=rJava},
}

@book{gordon1998essential,
  title={Essential JNI: Java Native Interface},
  author={Gordon, Rob},
  year={1998},
  publisher={Prentice-Hall, Inc.}
}


@inproceedings{urbanek2003fast,
  title={A fast way to provide R functionality to applications},
  author={Urbanek, Simon},
  booktitle={Proceedings of DSC},
  volume={2},
  year={2003},
  organization={Citeseer}
}

@Inbook{Friesen2007,
author={Friesen, Jeff},
chapter="Scripting",
title="Beginning Java{\texttrademark} SE 6 Platform: From Novice to Professional",
year="2007",
publisher="Apress",
address="Berkeley, CA",
pages="281--344",
isbn="978-1-4302-0246-2",
doi="10.1007/978-1-4302-0246-2_9",
url="http://dx.doi.org/10.1007/978-1-4302-0246-2_9"
}


@book{lim2015r,
  title={R High Performance Programming},
  author={Lim, Aloysius and Tjhi, William},
  year={2015},
  publisher={Packt Publishing Ltd}
}

@inproceedings{tierney2001compiling,
  title={Compiling R: A preliminary report},
  author={Tierney, Luke},
  booktitle={Proceedings of DSC},
  volume={2},
  pages={2},
  year={2001}
}







