@article{satman2014rcaller,
  title={RCaller: A software library for calling R from Java},
  author={Satman, M Hakan},
  journal={Journal of Advances in Mathematics and Computer Science},
  pages={2188--2196},
  doi={10.9734/bjmcs/2014/10902},
  year={2014}
}

@Manual{rcoreteam,
    title = {R: A Language and Environment for Statistical Computing},
    author = {{R Core Team}},
    organization = {R Foundation for Statistical Computing},
    address = {Vienna, Austria},
    year = {2020},
    url = {https://www.R-projectt.org/},
}
@inproceedings{urbanek2003fast,
  title={A fast way to provide R functionality to applications},
  author={Urbanek, Simon},
  booktitle={Proceedings of DSC},
  volume={2},
  year={2003},
  organization={Citeseer}
}

@article{urbanek2009talk,
  title={How to talk to strangers: ways to leverage connectivity between R, Java and Objective C},
  author={Urbanek, Simon},
  journal={Computational statistics},
  volume={24},
  number={2},
  pages={303--311},
  year={2009},
  doi={10.1007/s00180-008-0132-x},
  publisher={Springer}
}

@manual{satmancurcean2016,
  title={RCaller 3.0: An Easy Tool for Abstraction of Java and R Connectivity},
  author={Satman, M.Hakan and Curcean, Paul},
  year={2016},
  url={https://github.com/jbytecode/rcaller/blob/master/doc/rcaller3/rcaller3.pdf}
}

@inproceedings{graalvm,
  title={Towards polyglot adapters for the graalvm},
  author={Niephaus, Fabio and Felgentreff, Tim and Hirschfeld, Robert},
  booktitle={Proceedings of the Conference Companion of the 3rd International Conference on Art, Science, and Engineering of Programming},
  pages={1--3},
  doi={10.1145/3328433.3328458},
  year={2019}
}

@inproceedings{renjin,
  title={Renjin: A new R interpreter built on the JVM},
  author={Bertram, Alexander},
  booktitle={The R User Conference, useR! 2013 July 10-12 2013 University of Castilla-La Mancha, Albacete, Spain},
  volume={10},
  number={30},
  pages={105},
  year={2013}
}

@manual{rcallerservice,
  title={RCallerService â€” microservice for running R-scripts by HTTP},
  author={Aleksandr Kopilov},
  year={2020},
  url={https://github.com/Kopilov/RCallerService}
}
